<?xml version="1.0" encoding="UTF-8"?><collection xmlns="http://www.loc.gov/MARC21/slim"><record><leader>00478nam--2200181-i-4500</leader><controlfield tag="001">000021733</controlfield><controlfield tag="002">20161230</controlfield><controlfield tag="005">20161230201034</controlfield><controlfield tag="008">060222s1000------------r-----000-0-eng-d</controlfield><datafield ind1=" " ind2=" " tag="040"><subfield code="a">IFIN-HH</subfield></datafield><datafield ind1=" " ind2=" " tag="080"><subfield code="a">537</subfield></datafield><datafield ind1="1" ind2=" " tag="100"><subfield code="a">Hirst, A.W</subfield></datafield><datafield ind1="1" ind2="0" tag="245"><subfield code="a">Electricity and magnetism for engineering students</subfield><subfield code="c">A.w. hirst</subfield></datafield><datafield ind1=" " ind2=" " tag="250"><subfield code="a">Third Edition</subfield></datafield><datafield ind1=" " ind2=" " tag="260"><subfield code="a">London</subfield><subfield code="b">Blackie &amp; Son Limited</subfield><subfield code="c">1959</subfield></datafield><datafield ind1=" " ind2=" " tag="300"><subfield code="a">XIV + 438 P</subfield></datafield><datafield ind1=" " ind2=" " tag="852"><subfield code="a">15078</subfield><subfield code="c">537:538</subfield></datafield><datafield ind1=" " ind2=" " tag="CAT"><subfield code="a">Sys</subfield><subfield code="c">20110609</subfield><subfield code="h">140518</subfield></datafield></record></collection>